<?xml version="1.0" encoding="UTF-8"?><collection xmlns="http://www.loc.gov/MARC21/slim"><record><leader>00405nam--2200145-i-4500</leader><controlfield tag="001">000012160</controlfield><controlfield tag="002">20161230</controlfield><controlfield tag="005">20170127222524</controlfield><controlfield tag="008">060222s1000------------r-----000-0-eng-d</controlfield><datafield ind1=" " ind2=" " tag="080"><subfield code="a">51(O1.423):061</subfield></datafield><datafield ind1=" " ind2=" " tag="245"><subfield code="a">Bibliographie 1953-1972 facultas mathematica physicaque Universitatis Carolin</subfield></datafield><datafield ind1=" " ind2=" " tag="260"><subfield code="a">Praha</subfield><subfield code="b">Univerzita Karlova</subfield><subfield code="c">1975</subfield></datafield><datafield ind1=" " ind2=" " tag="300"><subfield code="a">351 p</subfield></datafield><datafield ind1=" " ind2=" " tag="852"><subfield code="a">D.1368</subfield></datafield><datafield ind1=" " ind2=" " tag="CAT"><subfield code="a">SYS</subfield><subfield code="c">20170127</subfield><subfield code="h">222524</subfield></datafield></record></collection>